@misc{ginRuleSet,
    author = "Wikipedia",
    title = "Gin rummy",
    url = "https://en.wikipedia.org/wiki/Gin_rummy",
    year = "2021"
}

@misc{volere,
    author = "Atlantic Systems Guild Ltd.",
    title = "Volere Requirements Specification Template",
    url = "https://www.volere.org/templates/volere-requirements-specification-template/",
    year = "2019"
}

@misc{ogSource,
    author = "vlmlee",
    title = "Gin-Rummy",
    url = "https://github.com/vlmlee/Gin-Rummy",
    year = "2017"
}